@article{Reference1,
	Abstract = {We have developed an enhanced Littrow configuration extended cavity diode laser (ECDL) that can be tuned without changing the direction of the output beam. The output of a conventional Littrow ECDL is reflected from a plane mirror fixed parallel to the tuning diffraction grating. Using a free-space Michelson wavemeter to measure the laser wavelength, we can tune the laser over a range greater than 10 nm without any alteration of alignment.},
	Author = {C. J. Hawthorn and K. P. Weber and R. E. Scholten},
	Journal = {Review of Scientific Instruments},
	Month = {12},
	Number = {12},
	Numpages = {3},
	Pages = {4477--4479},
	Title = {Littrow Configuration Tunable External Cavity Diode Laser with Fixed Direction Output Beam},
	Volume = {72},
	Url = {http://link.aip.org/link/?RSI/72/4477/1},
	Year = {2001}}

@article{Reference3,
	Abstract = {Operating a laser diode in an extended cavity which provides frequency-selective feedback is a very effective method of reducing the laser's linewidth and improving its tunability. We have developed an extremely simple laser of this type, built from inexpensive commercial components with only a few minor modifications. A 780~nm laser built to this design has an output power of 80~mW, a linewidth of 350~kHz, and it has been continuously locked to a Doppler-free rubidium transition for several days.},
	Author = {A. S. Arnold and J. S. Wilson and M. G. Boshier and J. Smith},
	Journal = {Review of Scientific Instruments},
	Month = {3},
	Number = {3},
	Numpages = {4},
	Pages = {1236--1239},
	Title = {A Simple Extended-Cavity Diode Laser},
	Volume = {69},
	Url = {http://link.aip.org/link/?RSI/69/1236/1},
	Year = {1998}}

@article{Reference2,
	Abstract = {We present a review of the use of diode lasers in atomic physics with an extensive list of references. We discuss the relevant characteristics of diode lasers and explain how to purchase and use them. We also review the various techniques that have been used to control and narrow the spectral outputs of diode lasers. Finally we present a number of examples illustrating the use of diode lasers in atomic physics experiments. Review of Scientific Instruments is copyrighted by The American Institute of Physics.},
	Author = {Carl E. Wieman and Leo Hollberg},
	Journal = {Review of Scientific Instruments},
	Keywords = {Diode Laser},
	Month = {1},
	Number = {1},
	Numpages = {20},
	Pages = {1--20},
	Title = {Using Diode Lasers for Atomic Physics},
	Volume = {62},
	Url = {http://link.aip.org/link/?RSI/62/1/1},
	Year = {1991}}

% Put you own bibliography entries in this file
@article{Aad_2020,
   title={ATLAS data quality operations and performance for 2015–2018 data-taking},
   volume={15},
   ISSN={1748-0221},
   url={http://dx.doi.org/10.1088/1748-0221/15/04/P04003},
   DOI={10.1088/1748-0221/15/04/p04003},
   number={04},
   journal={Journal of Instrumentation},
   publisher={IOP Publishing},
   year={2020},
   month=apr, pages={P04003–P04003} 
}

@techreport{DiezPardos:2781712,
      author        = "Diez Pardos, Carmen and Fleck, Ivor and Rej, Amartya and
                       Mondal, Buddhadeb and Ghosal, Arpan and Kirchhoff, Andreas
                       and Batool, Binish and Quadt, Arnulf and Shabalina,
                       Elizaveta",
      title         = "{Measurement of top quark pair charge asymmetry in
                       $t\bar{t}\gamma$ production at 13 TeV with the ATLAS
                       detector}",
      institution   = "CERN",
      address       = "Geneva",
      reportNumber  = "ATL-COM-PHYS-2021-795",
      year          = "2021",
      url           = "https://cds.cern.ch/record/2781712",
}


% MadGraph5 v2.X / MadGraph5_aMCatNLO
@Article{Alwall:2014hca,
      author         = "Alwall, J. and Frederix, R. and Frixione, S. and Hirschi,
                        V. and Maltoni, F. and Mattelaer, O. and Shao, H. -S. and
                        Stelzer, T. and Torrielli, P. and Zaro, M.",
      title          = "{The automated computation of tree-level and
                        next-to-leading order differential cross sections, and
                        their matching to parton shower simulations}",
      journal        = "JHEP",
      volume         = "07",
      year           = "2014",
      pages          = "079",
      doi            = "10.1007/JHEP07(2014)079",
      eprint         = "1405.0301",
      archivePrefix  = "arXiv",
      primaryClass   = "hep-ph",
      reportNumber   = "CERN-PH-TH-2014-064, CP3-14-18, LPN14-066, MCNET-14-09,
                        ZU-TH-14-14",
      SLACcitation   = "%%CITATION = ARXIV:1405.0301;%%"
}

% NNPDF 3.0 PDFs
@article{Ball:2014uwa,
      author         = "{The NNPDF Collaboration} and Ball, Richard D. and others",
      title          = "{Parton distributions for the LHC run II}",
      journal        = "JHEP",
      volume         = "04",
      year           = "2015",
      pages          = "040",
      doi            = "10.1007/JHEP04(2015)040",
      eprint         = "1410.8849",
      archivePrefix  = "arXiv",
      primaryClass   = "hep-ph",
      reportNumber   = "EDINBURGH-2014-15, IFUM-1034-FT, CERN-PH-TH-2013-253,
                        OUTP-14-11P, CAVENDISH-HEP-14-11",
      SLACcitation   = "%%CITATION = ARXIV:1410.8849;%%"
}

% Pythia 8.1
@Article{Sjostrand:2007gs,
	author    = "Sj{\"o}strand, T. and Mrenna, S. and Skands, P.",
	title     = "{A brief introduction to PYTHIA 8.1}",
	journal   = "Comput. Phys. Commun.",
	volume    = "178",
	year      = "2008",
	pages     = "852-867",
	eprint    = "0710.3820",
	archivePrefix = "arXiv",
	primaryClass  =  "hep-ph",
	doi       = "10.1016/j.cpc.2008.01.036",
	SLACcitation  = "%%CITATION = 0710.3820;%%"
}
@Article{ATL-PHYS-PUB-2014-021,
    author         = "{ATLAS Collaboration}",
    title          = "{ATLAS Pythia~8 tunes to \(7~\text{TeV}\) data}",
    howpublished   = "{ATL-PHYS-PUB-2014-021}",
    url            = "https://cds.cern.ch/record/1966419",
    year           = "2014",
}

@article{Frixione:2007zp,
      author         = "Frixione, Stefano and Laenen, Eric and Motylinski,
                        Patrick and Webber, Bryan R.",
      title          = "{Angular correlations of lepton pairs from vector boson
                        and top quark decays in Monte Carlo simulations}",
      journal        = "JHEP",
      volume         = "04",
      year           = "2007",
      pages          = "081",
      doi            = "10.1088/1126-6708/2007/04/081",
      eprint         = "hep-ph/0702198",
      archivePrefix  = "arXiv",
      OPTprimaryClass   = "HEP-PH",
      reportNumber   = "CAVENDISH-HEP-07-01, GEF-TH-09-2007, ITP-UU-07-10,
                        NIKHEF-2007-004",
      SLACcitation   = "%%CITATION = HEP-PH/0702198;%%"
}

% EvtGen
@Article{Lange:2001uf,
      author         = "Lange, D. J.",
      title          = "{The EvtGen particle decay simulation package}",
      booktitle      = "{Proceedings, 7th International Conference on B physics
                        at hadron machines (BEAUTY 2000)}",
      journal        = "Nucl. Instrum. Meth. A",
      volume         = "462",
      year           = "2001",
      pages          = "152",
      doi            = "10.1016/S0168-9002(01)00089-4",
      SLACcitation   = "%%CITATION = NUIMA,A462,152;%%"
}
% Frixione isolation
@article{Frixione:1998jh,
      author         = "Frixione, Stefano",
      title          = "{Isolated photons in perturbative QCD}",
      journal        = "Phys. Lett. B",
      volume         = "429",
      year           = "1998",
      pages          = "369-374",
      doi            = "10.1016/S0370-2693(98)00454-7",
      eprint         = "hep-ph/9801442",
      archivePrefix  = "arXiv",
      XprimaryClass   = "hep-ph",
      reportNumber   = "ETH-TH-97-40",
      SLACcitation   = "%%CITATION = HEP-PH/9801442;%%"
}

@Article{TOPQ-2017-14,
    author         = "{ATLAS Collaboration}",
    title          = "{Measurements of inclusive and differential fiducial cross-sections of \(t\bar{t}\gamma\) production in leptonic final states at \(\sqrt{s} =  13\,\text{TeV}\) in ATLAS}",
    journal        = "Eur. Phys. J. C",
    volume         = "79",
    year           = "2019",
    pages          = "382",
    doi            = "10.1140/epjc/s10052-019-6849-6",
    reportNumber   = "CERN-EP-2018-302",
    eprint         = "1812.01697",
    archivePrefix  = "arXiv",
    primaryClass   = "hep-ex",
}

% TTbar at NNLO QCD
@article{Melnikov:2011ta,
      author         = "Melnikov, Kirill and Schulze, Markus and Scharf, Andreas",
      title          = "{QCD corrections to top quark pair production in
                        association with a photon at hadron colliders}",
      journal        = "Phys. Rev. D",
      volume         = "83",
      year           = "2011",
      pages          = "074013",
      doi            = "10.1103/PhysRevD.83.074013",
      eprint         = "1102.1967",
      archivePrefix  = "arXiv",
      primaryClass   = "hep-ph",
      SLACcitation   = "%%CITATION = ARXIV:1102.1967;%%"
}

% Sherpa
@Article{Gleisberg:2008ta,
      author         = "Gleisberg, T. and H{\"o}che, S. and Krauss, F. and Sch{\"o}nherr, M. and Schumann, S. and Siegert, F. and Winter J.",
      title          = "{Event generation with SHERPA 1.1}",
      journal        = "JHEP",
      volume         = "02",
      pages          = "007",
      doi            = "10.1088/1126-6708/2009/02/007",
      year           = "2009",
      eprint         = "0811.4622",
      archivePrefix  = "arXiv",
      primaryClass   = "hep-ph",
}

% COMIX
@Article{Gleisberg:2008fv,
      author         = "Gleisberg, Tanju and H{\"o}che, Stefan",
      title          = "{Comix, a new matrix element generator}",
      journal        = "JHEP",
      volume         = "12",
      pages          = "039",
      doi            = "10.1088/1126-6708/2008/12/039",
      year           = "2008",
      eprint         = "0808.3674",
      archivePrefix  = "arXiv",
      primaryClass   = "hep-ph",
}

% Sherpa - if ME+PS merging is used (almost always)
% MEPSatLO
@Article{Hoeche:2009rj,
      author         = "H{\"o}che, Stefan and Krauss, Frank and Schumann, Steffen and Siegert, Frank",
      title          = "{QCD matrix elements and truncated showers}",
      journal        = "JHEP",
      volume         = "05",
      pages          = "053",
      doi            = "10.1088/1126-6708/2009/05/053",
      year           = "2009",
      eprint         = "0903.1219",
      archivePrefix  = "arXiv",
      primaryClass   = "hep-ph",
}

% NLO+PS matching
@article{Hoeche:2011fd,
      author         = "H{\"o}che, Stefan and Krauss, Frank and Sch{\"o}nherr, Marek and
                        Siegert, Frank",
      title          = "{A critical appraisal of NLO+PS matching methods}",
      journal        = "JHEP",
      volume         = "09",
      year           = "2012",
      pages          = "049",
      doi            = "10.1007/JHEP09(2012)049",
      eprint         = "1111.1220",
      archivePrefix  = "arXiv",
      primaryClass   = "hep-ph",
      reportNumber   = "SLAC-PUB-14661, IPPP-11-67, DCPT-11-134, LPN11-58,
                        FR-PHENO-2011-019, MCNET-11-24",
      SLACcitation   = "%%CITATION = ARXIV:1111.1220;%%"
}

% OpenLoops 1
@article{Cascioli:2011va,
      author         = "Cascioli, Fabio and Maierh{\"o}fer, Philipp and Pozzorini, Stefano",
      title          = "{Scattering Amplitudes with Open Loops}",
      journal        = "Phys. Rev. Lett.",
      volume         = "108",
      year           = "2012",
      pages          = "111601",
      doi            = "10.1103/PhysRevLett.108.111601",
      eprint         = "1111.5206",
      archivePrefix  = "arXiv",
      primaryClass   = "hep-ph",
      reportNumber   = "ZU-TH-23-11, LPN11-66",
      SLACcitation   = "%%CITATION = ARXIV:1111.5206;%%"
}

% Powheg - general
@Article{Nason:2004rx,
      author         = "Nason, Paolo",
      title          = "{A new method for combining NLO QCD with shower Monte Carlo algorithms}",
      journal        = "JHEP",
      volume         = "11",
      pages          = "040",
      doi            = "10.1088/1126-6708/2004/11/040",
      year           = "2004",
      eprint         = "hep-ph/0409146",
      archivePrefix  = "arXiv",
}

% Top++
@article{Czakon:2011xx,
  author         = "Czakon, Michal and Mitov, Alexander",
  title          = "{Top++: A program for the calculation of the top-pair cross-section at hadron colliders}",
  journal        = "Comput. Phys. Commun.",
  volume         = "185",
  year           = "2014",
  pages          = "2930",
  doi            = "10.1016/j.cpc.2014.06.021",
  eprint         = "1112.5675",
  archivePrefix  = "arXiv",
  primaryClass   = "hep-ph",
  reportNumber   = "CERN-PH-TH-2011-303, TTK-11-58",
}

% MadSpin
@article{Artoisenet:2012st,
      author         = "Artoisenet, Pierre and Frederix, Rikkert and Mattelaer,
                        Olivier and Rietkerk, Robbert",
      title          = "{Automatic spin-entangled decays of heavy resonances in
                        Monte Carlo simulations}",
      journal        = "JHEP",
      volume         = "03",
      pages          = "015",
      doi            = "10.1007/JHEP03(2013)015",
      year           = "2013",
      eprint         = "1212.3460",
      archivePrefix  = "arXiv",
      primaryClass   = "hep-ph",
      reportNumber   = "NIKHEF-2012-021, CERN-PH-TH-2012-329",
      SLACcitation   = "%%CITATION = ARXIV:1212.3460;%%",
}

% C-S dipole shower
@Article{Schumann:2007mg,
      author         = "Schumann, Steffen and Krauss, Frank",
      title          = "{A parton shower algorithm based on Catani--Seymour dipole factorisation}",
      journal        = "JHEP",
      volume         = "03",
      pages          = "038",
      doi            = "10.1088/1126-6708/2008/03/038",
      year           = "2008",
      eprint         = "0709.1027",
      archivePrefix  = "arXiv",
      primaryClass   = "hep-ph",
}

% ME+PS matching
@article{Catani:2001cc,
      author         = "Catani, S. and Krauss, F. and Webber, B. R. and Kuhn, R.",
      title          = "{QCD Matrix Elements + Parton Showers}",
      journal        = "JHEP",
      volume         = "11",
      year           = "2001",
      pages          = "063",
      doi            = "10.1088/1126-6708/2001/11/063",
      eprint         = "hep-ph/0109231",
      archivePrefix  = "arXiv",
      reportNumber   = "CERN-TH-2000-367, CAVENDISH-HEP-00-03",
      SLACcitation   = "%%CITATION = HEP-PH/0109231;%%"
}

% MEPSatNLO
@article{Hoeche:2012yf,
      author         = "H{\"o}che, Stefan and Krauss, Frank and Sch{\"o}nherr, Marek and
                        Siegert, Frank",
      title          = "{QCD matrix elements + parton showers. The NLO case}",
      journal        = "JHEP",
      volume         = "04",
      year           = "2013",
      pages          = "027",
      doi            = "10.1007/JHEP04(2013)027",
      eprint         = "1207.5030",
      archivePrefix  = "arXiv",
      primaryClass   = "hep-ph",
      reportNumber   = "SLAC-PUB-15191, IPPP-12-52, DCPT-12-104, LPN12-081,
                        FR-PHENO-2012-017, MCNET-12-09, --FR-PHENO-2012-017",
      SLACcitation   = "%%CITATION = ARXIV:1207.5030;%%"
}

% Collier
@article{Denner:2016kdg,
      author         = "Denner, Ansgar and Dittmaier, Stefan and Hofer, Lars",
      title          = "{\textsc{Collier}: A fortran-based complex one-loop library in
                        extended regularizations}",
      journal        = "Comput. Phys. Commun.",
      volume         = "212",
      year           = "2017",
      pages          = "220-238",
      doi            = "10.1016/j.cpc.2016.10.013",
      eprint         = "1604.06792",
      archivePrefix  = "arXiv",
      primaryClass   = "hep-ph",
      reportNumber   = "FR-PHENO-2016-003, ICCUB-16-016",
      SLACcitation   = "%%CITATION = ARXIV:1604.06792;%%"
}

@Article{Frixione:2007vw,
      author         = "Frixione, Stefano and Nason, Paolo and Oleari, Carlo",
      title          = "{Matching NLO QCD computations with parton shower
                        simulations: the POWHEG method}",
      journal        = "JHEP",
      volume         = "11",
      pages          = "070",
      doi            = "10.1088/1126-6708/2007/11/070",
      year           = "2007",
      eprint         = "0709.2092",
      archivePrefix  = "arXiv",
      primaryClass   = "hep-ph",
}

% Powheg-Box
@Article{Alioli:2010xd,
      author         = "Alioli, Simone and Nason, Paolo and Oleari, Carlo and Re,
                        Emanuele",
      title          = "{A general framework for implementing NLO calculations in
                        shower Monte Carlo programs: the POWHEG BOX}",
      journal        = "JHEP",
      volume         = "06",
      pages          = "043",
      doi            = "10.1007/JHEP06(2010)043",
      year           = "2010",
      eprint         = "1002.2581",
      archivePrefix  = "arXiv",
      primaryClass   = "hep-ph",
}

@article{Kidonakis:2010ux,
      author         = "Kidonakis, Nikolaos",
      title          = "{Two-loop soft anomalous dimensions for single top quark
                        associated production with a \(W^{-}\) or \(H^{-}\)}",
      journal        = "Phys. Rev. D",
      volume         = "82",
      year           = "2010",
      pages          = "054018",
      doi            = "10.1103/PhysRevD.82.054018",
      eprint         = "1005.4451",
      archivePrefix  = "arXiv",
      primaryClass   = "hep-ph",
      SLACcitation   = "%%CITATION = ARXIV:1005.4451;%%"
}

@article{Kidonakis:2011wy,
      author         = "Kidonakis, Nikolaos",
      title          = "{Next-to-next-to-leading-order collinear and soft gluon
                        corrections for t-channel single top quark production}",
      journal        = "Phys. Rev.",
      volume         = "D83",
      year           = "2011",
      pages          = "091503",
      doi            = "10.1103/PhysRevD.83.091503",
      eprint         = "1103.2792",
      archivePrefix  = "arXiv",
      primaryClass   = "hep-ph",
      SLACcitation   = "%%CITATION = ARXIV:1103.2792;%%"
}

@article{Kidonakis:2010tc,
      author         = "Kidonakis, Nikolaos",
      title          = "{Next-to-next-to-leading logarithm resummation for s-channel
                        single top quark production}",
      journal        = "Phys. Rev.",
      volume         = "D81",
      year           = "2010",
      pages          = "054028",
      doi            = "10.1103/PhysRevD.81.054028",
      eprint         = "1001.5034",
      archivePrefix  = "arXiv",
      primaryClass   = "hep-ph",
      SLACcitation   = "%%CITATION = ARXIV:1001.5034;%%"
}

@Article{ATLAS-CONF-2015-039,
    author         = "{ATLAS Collaboration}",
    title          = "{Measurement of \(W^{\pm}\) and \(Z\) Boson Production Cross Sections in \(pp\) Collisions at \(\sqrt{s} = 13~\text{TeV}\) with the ATLAS Detector}",
    howpublished   = "{ATLAS-CONF-2015-039}",
    url            = "https://cds.cern.ch/record/2045487",
    year           = "2015",
}

% MCFM
@Article{Campbell:1999ah,
      author         = "Campbell, John M. and Ellis, R. Keith",
      title          = "{Update on vector boson pair production at hadron colliders}",
      journal        = "Phys. Rev. D",
      volume         = "60",
      pages          = "113006",
      doi            = "10.1103/PhysRevD.60.113006",
      year           = "1999",
      eprint         = "hep-ph/9905386",
      archivePrefix  = "arXiv",
      reportNumber   = "FERMILAB-PUB-99-146-T",
      SLACcitation   = "%%CITATION = HEP-PH/9905386;%%",
}

@article{deFlorian:2016spz,
      author         = "de Florian, D. and others",
      title          = "{Handbook of LHC Higgs Cross Sections: 4. Deciphering the
                        Nature of the Higgs Sector}",
      collaboration  = "LHC Higgs Cross Section Working Group",
      doi            = "10.23731/CYRM-2017-002",
      year           = "2016",
      eprint         = "1610.07922",
      archivePrefix  = "arXiv",
      primaryClass   = "hep-ph",
      reportNumber   = "FERMILAB-FN-1025-T, CERN-2017-002-M",
      SLACcitation   = "%%CITATION = ARXIV:1610.07922;%%"
}

@article{cls_3,
      author         = "Cowan, Glen and Cranmer, Kyle and Gross, Eilam and
                        Vitells, Ofer",
      title          = "{Asymptotic formulae for likelihood-based tests of new
                        physics}",
      journal        = epj,
      volume         = "C 71",
      pages          = "1554, Erratum: \textbf{C 73} (2013) 2501",
      doi            = "10.1140/epjc/s10052-011-1554-0,
                        10.1140/epjc/s10052-013-2501-z",
      year           = "2011",
      eprint         = "1007.1727",
      archivePrefix  = "arXiv",
      SLACcitation   = "%%CITATION = ARXIV:1007.1727;%%",
}

@article{CMS2022,
  author = {{CMS Collaboration}},
  title = "{Measurement of the Inclusive and Differential $\mathrm{t\bar{t}}\gamma$ Cross Sections in the Dilepton Channel and Effective Field Theory Interpretation in Proton-Proton Collisions at $\sqrt{s} =$ 13 TeV.}",
  journal = "{Journal of High Energy Physics}",
  year = 2022,
  number = 5,
  month = may,
  pages = {91},
  doi = {10.1007/JHEP05(2022)091},
  url = {https://doi.org/10.1007/JHEP05(2022)091},
}

@article{Cacciari:2008gn,
      author         = "Cacciari, Matteo and Salam, Gavin P. and Soyez, Gregory",
      title          = "{The catchment area of jets}",
      journal        = "JHEP",
      volume         = "04",
      year           = "2008",
      pages          = "005",
      doi            = "10.1088/1126-6708/2008/04/005",
      eprint         = "0802.1188",
      archivePrefix  = "arXiv",
      primaryClass   = "hep-ph",
      reportNumber   = "LPTHE-07-02",
      SLACcitation   = "%%CITATION = ARXIV:0802.1188;%%"
}

@article{Cranmer:2012sba,
    author = "Cranmer, Kyle and Lewis, George and Moneta, Lorenzo and Shibata, Akira and Verkerke, Wouter",
    collaboration = "ROOT",
    title = "{HistFactory: A tool for creating statistical models for use with RooFit and RooStats}",
    reportNumber = "CERN-OPEN-2012-016",
    month = "6",
    year = "2012"
}

@article{ATLAS:2019jvq,
    author = "Aaboud, Morad and others",
    collaboration = "ATLAS",
    title = "{Electron reconstruction and identification in the ATLAS experiment using the 2015 and 2016 LHC proton-proton collision data at $\sqrt{s}$ = 13 TeV}",
    eprint = "1902.04655",
    archivePrefix = "arXiv",
    primaryClass = "physics.ins-det",
    reportNumber = "CERN-EP-2018-273",
    doi = "10.1140/epjc/s10052-019-7140-6",
    journal = "Eur. Phys. J. C",
    volume = "79",
    number = "8",
    pages = "639",
    year = "2019"
}

@article{ATLAS:2016lqx,
    author = "Aad, Georges and others",
    collaboration = "ATLAS",
    title = "{Muon reconstruction performance of the ATLAS detector in proton\textendash{}proton collision data at $\sqrt{s}$ =13 TeV}",
    eprint = "1603.05598",
    archivePrefix = "arXiv",
    primaryClass = "hep-ex",
    reportNumber = "CERN-EP-2016-033",
    doi = "10.1140/epjc/s10052-016-4120-y",
    journal = "Eur. Phys. J. C",
    volume = "76",
    number = "5",
    pages = "292",
    year = "2016"
}

@article{ATLAS:2019qmc,
    author = "Aad, Georges and others",
    collaboration = "ATLAS",
    title = "{Electron and photon performance measurements with the ATLAS detector using the 2015\textendash{}2017 LHC proton-proton collision data}",
    eprint = "1908.00005",
    archivePrefix = "arXiv",
    primaryClass = "hep-ex",
    reportNumber = "CERN-EP-2019-145",
    doi = "10.1088/1748-0221/14/12/P12006",
    journal = "JINST",
    volume = "14",
    number = "12",
    pages = "P12006",
    year = "2019"
}

@article{ATLAS:2016ecu,
    author = "Aaboud, Morad and others",
    collaboration = "ATLAS",
    title = "{Measurement of the photon identification efficiencies with the ATLAS detector using LHC Run-1 data}",
    eprint = "1606.01813",
    archivePrefix = "arXiv",
    primaryClass = "hep-ex",
    reportNumber = "CERN-EP-2016-110",
    doi = "10.1140/epjc/s10052-016-4507-9",
    journal = "Eur. Phys. J. C",
    volume = "76",
    number = "12",
    pages = "666",
    year = "2016"
}
@article{ATLAS:2020cli,
    author = "Aad, Georges and others",
    collaboration = "ATLAS",
    title = "{Jet energy scale and resolution measured in proton\textendash{}proton collisions at $\sqrt{s}=13$~TeV with the ATLAS detector}",
    eprint = "2007.02645",
    archivePrefix = "arXiv",
    primaryClass = "hep-ex",
    reportNumber = "CERN-EP-2020-083",
    doi = "10.1140/epjc/s10052-021-09402-3",
    journal = "Eur. Phys. J. C",
    volume = "81",
    number = "8",
    pages = "689",
    year = "2021"
}
@article{ATLAS:2014cva,
    collaboration = "ATLAS",
    title = "{Tagging and suppression of pileup jets}",
    reportNumber = "ATLAS-CONF-2014-018",
    month = "5",
    year = "2014"
}
@article{ATLAS:2017bcq,
    collaboration = "ATLAS",
    title = "{Optimisation and performance studies of the ATLAS $b$-tagging algorithms for the 2017-18 LHC run}",
    reportNumber = "ATL-PHYS-PUB-2017-013",
    month = "7",
    year = "2017"
}
@article{ATLAS:2019bwq,
    author = "Aad, Georges and others",
    collaboration = "ATLAS",
    title = "{ATLAS b-jet identification performance and efficiency measurement with $t{\bar{t}}$ events in pp collisions at $\sqrt{s}=13$ TeV}",
    eprint = "1907.05120",
    archivePrefix = "arXiv",
    primaryClass = "hep-ex",
    reportNumber = "CERN-EP-2019-132",
    doi = "10.1140/epjc/s10052-019-7450-8",
    journal = "Eur. Phys. J. C",
    volume = "79",
    number = "11",
    pages = "970",
    year = "2019"
}

@article{ATLAS:2018ghb,
    collaboration = "ATLAS",
    title = "{$E_{\text{T}}^{\text{miss}}$ performance in the ATLAS detector using 2015-2016 LHC $pp$ collisions}",
    reportNumber = "ATLAS-CONF-2018-023",
    month = "6",
    year = "2018"
}

@article{ATLAS:2022hro,
    author = "Aad, G. and others",
    collaboration = "ATLAS",
    title = "{Luminosity determination in $pp$ collisions at $\sqrt{s}=13$ TeV using the ATLAS detector at the LHC}",
    eprint = "2212.09379",
    archivePrefix = "arXiv",
    primaryClass = "hep-ex",
    reportNumber = "CERN-EP-2022-281",
    doi = "10.1140/epjc/s10052-023-11747-w",
    journal = "Eur. Phys. J. C",
    volume = "83",
    number = "10",
    pages = "982",
    year = "2023"
}

@article{Butterworth:2015oua,
    author = "Butterworth, Jon and others",
    title = "{PDF4LHC recommendations for LHC Run II}",
    eprint = "1510.03865",
    archivePrefix = "arXiv",
    primaryClass = "hep-ph",
    reportNumber = "OUTP-15-17P, SMU-HEP-15-12, TIF-UNIMI-2015-14, LCTS-2015-27, CERN-PH-TH-2015-249",
    doi = "10.1088/0954-3899/43/2/023001",
    journal = "J. Phys. G",
    volume = "43",
    pages = "023001",
    year = "2016"
}